
@article{lambert_notice_2017,
	title = {Notice de {Jean} {Bagnyon}, {Fierabras}, {Lyon}, {Guillaume} {Le} {Roy}, 16 novembre [1484-1487], in-2° ({Liège}, {Bibliothèque} {Alpha}, {XV}.{B119})},
	issn = {2593-1350},
	url = {https://orbi.uliege.be/handle/2268/220013},
	abstract = {La présentation de l'incunable et l'établissement de la bibliographie a été réalisée dans le cadre de la collection "Arm@rium Universitatis Leodiensis. La bibliothèque virtuelle du Moyen Âge et de la première Modernité de l’Université de Liège", développée par l'Unité de Recherche Transitions .},
	language = {French},
	urldate = {2023-03-29},
	journal = {Arm@rium Universitatis Leodiensis: la Bibliothèque Numérique du Moyen Âge et de la Première Modernité de l'Université de Liège},
	author = {Lambert, Adélaïde},
	year = {2017},
	note = {Publisher: Université de Liège. Transitions (Département de recherches sur le Moyen Âge tardif \& la première Modernité), Liège, Belgium},
	file = {Snapshot:C\:\\Users\\freij\\Zotero\\storage\\KPMAAVNP\\220013.html:text/html},
}

@incollection{mandach_geste_2014,
	address = {Aix-en-Provence},
	series = {Senefiance},
	title = {La geste de '{Fierabras}' ou le jeu du réel et de l'invraisemblable},
	copyright = {https://www.openedition.org/12554},
	isbn = {978-2-8218-3601-3},
	url = {http://books.openedition.org/pup/2358},
	language = {fr},
	urldate = {2023-03-29},
	booktitle = {Au carrefour des routes d’{Europe} : la chanson de geste. {Tome} {II}},
	publisher = {Presses universitaires de Provence},
	author = {Mandach, Andre de},
	month = may,
	year = {2014},
	doi = {10.4000/books.pup.2358},
	note = {Code: Au carrefour des routes d’Europe : la chanson de geste. Tome II},
	keywords = {chanson de geste, épopée, intertextualité, littérature médiévale},
	pages = {843--857},
}

@misc{pinche_guide_2022,
	title = {Guide de transcription pour les manuscrits du {Xe} au {XVe} siècle},
	url = {https://hal.science/hal-03697382},
	abstract = {Ce guide est le fruit d’une réflexion menée au cours des années 2021 et 2022 dans la cadre du projet CREMMALab et du séminaire de recherche « Création de modèle(s) HTR pour les documents médiévaux en ancien français et moyen français entre le Xe et le XVe siècle ». Nos préconisations ont pour but d’accompagner la création des données d’entraînement afin d’optimiser l’apprentissage machine des modèles d’HTR. Produire des données d’entraînement demande de modéliser une représentation la matière textuelle afin de créer des données homogènes qui assureront la qualité des prédictions HTR. Ce guide ne prétend pas répondre à toutes les problématiques de transcriptions présentes dans les manuscrits médiévaux, mais nous espérons qu’il permettra aux transcripteurs de répondre aux interrogations les plus courantes et d’harmoniser les pratiques.},
	language = {fr},
	urldate = {2023-03-29},
	author = {Pinche, Ariane},
	month = jun,
	year = {2022},
	file = {Full Text PDF:C\:\\Users\\freij\\Zotero\\storage\\97L86XH5\\Pinche - 2022 - Guide de transcription pour les manuscrits du Xe a.pdf:application/pdf},
}

@misc{brun_2020,
	title = {Jean Baignon},
	url = {https://www.arlima.net/il/jean_bagnyon.html},
		language = {fr},
	urldate = {2023-03-29},
	author = {Brun, Laurent},
	
	year = {2020},
	
}

@book{lokkos_catalogue_1978,
	address = {Genève},
	title = {Catalogue des incunables imprimés à {Genève} 1478-1500},
	url = {https://bac-lac.on.worldcat.org/oclc/1032845626},
	language = {fre},
	urldate = {2023-03-29},
	publisher = {Bibliothèque publique et universitaire},
	author = {Lőkkös, Antal},
	year = {1978},
	note = {OCLC: 5282442},
	keywords = {Catalog, Catalog, Union, Catalogs, catalogs (documents), Catalogues, Geesthachter Neutronenforschungseinrichtung, Geneva (Switzerland) Imprints Union lists, Genève, Imprimerie, 15e s, Genf, Geschichte 1478-1500, Incunabelen, Incunabula, Incunabula as Topic, Incunabula Switzerland Geneva Bibliography Union lists, Inkunabel, Katalog, Switzerland Geneva, Union catalogs},
}

@book{vielliard_conseils_2014,
	address = {Paris},
	edition = {[Nouvelle éd.] revue et mise à jour},
	title = {Conseils pour l'édition des textes médiévaux, fascicule {I}. {Conseils} pour l'édition des textes médiévaux : conseils généraux},
	isbn = {978-2-7355-0817-4},
	shorttitle = {Conseils pour l'édition des textes médiévaux, fascicule {I}. {Conseils} pour l'édition des textes médiévaux},
	publisher = {Ecole nationale des Chartes},
	author = {Vielliard, Françoise and Guyoyjeannin, Olivier},
	year = {2014},
	file = {Conseils pour l'édition des textes médiévaux Catalogue en ligne:C\:\\Users\\freij\\Zotero\\storage\\EHGC7FJ8\\index.html:text/html},
}

@article{stutzmann_paleographie_2011,
	title = {Paléographie statistique pour décrire, identifier, dater... {Normaliser} pour coopérer et aller plus loin ?},
	url = {https://shs.hal.science/halshs-00596970},
	abstract = {Les initiatives TEI (Text Encoding Initiative) et MUFI (Medieval Unicode Font Initiative) multiplient les potentialités des transcriptions et invitent à interroger le processus même d'une opération pourtant commune dans les études médiévales. Transcrire, c'est décrire un texte et sa mise en forme graphique. Cela ouvre des voies aux études paléographiques, notamment par la description des diverses variantes morphologiques des lettres ou abréviations. Des recherches entreprises sur la production écrite de l'abbaye cistercienne de Fontenay démontrent le potentiel considérable des transcriptions dites " allographétiques " et des statistiques descriptives pour comprendre les évolutions de l'écriture médiévale. La fragmentation du paysage actuel de la recherche amène pourtant à souhaiter une harmonisation des pratiques, tant pour décrire les phénomènes paléographiques que pour structurer les données et formuler des ontologies.},
	language = {fr},
	urldate = {2023-03-29},
	author = {Stutzmann, Dominique},
	year = {2011},
	note = {Publisher: BoD},
	pages = {247},
	file = {Full Text PDF:C\:\\Users\\freij\\Zotero\\storage\\MSREMD9L\\Stutzmann - 2011 - Paléographie statistique pour décrire, identifier,.pdf:application/pdf},
}

@book{berra_digital_2018,
	title = {Digital {Humanities} {Quarterly} 12.1 (2018) : {Special} {French} {Language} {Issue} (with the {Spanish} {Language} {Special} issue)},
	volume = {12},
	shorttitle = {Digital {Humanities} {Quarterly} 12.1 (2018)},
	url = {https://hal.science/hal-02519345},
	abstract = {F},
	language = {fr},
	urldate = {2023-04-05},
	publisher = {Digital Humanities Quarterly},
	author = {Berra, Aurélien and Clivaz, Claire and Marcotte, Sophie and Morlock, Emmanuelle},
	month = apr,
	year = {2018},
	note = {Issue: 1},
	file = {Snapshot:C\:\\Users\\freij\\Zotero\\storage\\575VUS2K\\hal-02519345.html:text/html},
}

@article{clerice_ground-truth_nodate,
	title = {Ground-truth {Free} {Evaluation} of {HTR} on {Old} {French} and {Latin} {Medieval} {Literary} {Manuscripts}},
	abstract = {As more and more projects openly release ground truth for handwritten text recognition (HTR), we expect the quality of automatic transcription to improve on unseen data. Getting models robust to scribal and material changes is a necessary step for speci昀椀c data mining tasks. However, evaluation of HTR results requires ground truth to compare prediction statistically. In the context of modern languages, successful attempts to evaluate quality have been done using lexical features or n-grams.This, however, proves di昀케cult in the context of spelling variation that both Old French and Latin have, even more so in the context of sometime heavily abbreviated manuscripts. We propose a new method based on deep learning where we attempt to categorize each line error rate into four error rate ranges (0 {\textless} 10\% {\textless} 25\% {\textless} 50\% {\textless} 100\%) using three di昀昀erent encoder (GRU with Attention, BiLSTM, TextCNN). To train these models, we propose a new dataset engineering approach using early stopped model, as an alternative to rule-based fake predictions. Our model largely outperforms the n-gram approach. We also provide an example application to qualitatively analyse our classi昀椀er, using classi昀椀cation on new prediction on a sample of 1,800 manuscripts ranging from the 9th century to the 15th.},
	language = {en},
	author = {Clérice, Thibault},
	file = {Clérice - Ground-truth Free Evaluation of HTR on Old French .pdf:C\:\\Users\\freij\\Zotero\\storage\\WUXLW7ZX\\Clérice - Ground-truth Free Evaluation of HTR on Old French .pdf:application/pdf},
}

@inproceedings{clerice_ground-truth_2022,
	title = {Ground-truth {Free} {Evaluation} of {HTR} on {Old} {French} and {Latin} {Medieval} {Literary} {Manuscripts}},
	url = {https://hal-enc.archives-ouvertes.fr/hal-03828529},
	abstract = {As more and more projects openly release ground truth for handwritten text recognition (HTR), we expect the quality of automatic transcription to improve on unseen data. Getting models robust to scribal and material changes is a necessary step for specific data mining tasks. However, evaluation of HTR results requires ground truth to compare prediction statistically. In the context of modern languages, successful attempts to evaluate quality have been done using lexical features or n-grams.This, however, proves difficult in the context of spelling variation that both Old French and Latin have, even more so in the context of sometime heavily abbreviated manuscripts. We propose a new method based on deep learning where we attempt to categorize each line error rate into four error rate ranges (0 {\textless} 10\% {\textless} 25\% {\textless} 50\% {\textless} 100\%) using three different encoder (GRU with Attention, BiLSTM, TextCNN). To train these models, we propose a new dataset engineering approach using early stopped model, as an alternative to rule-based fake predictions. Our model largely outperforms the n-gram approach. We also provide an example application to qualitatively analyse our classifier, using classification on new prediction on a sample of 1,800 manuscripts ranging from the 9 th century to the 15 th .},
	language = {en},
	urldate = {2023-04-05},
	author = {Clérice, Thibault},
	month = dec,
	year = {2022},
	file = {Full Text PDF:C\:\\Users\\freij\\Zotero\\storage\\6RR9S9XE\\Clérice - 2022 - Ground-truth Free Evaluation of HTR on Old French .pdf:application/pdf},
}

@book{bagnyon_roman_1478,
	title = {Le  roman de {Fierabras} le géant},
	url = {https://www.e-rara.ch/gep_g/doi/10.3931/e-rara-33196},
	language = {fr},
	urldate = {2023-04-05},
	publisher = {[Adam Steinschaber]},
	author = {Bagnyon, Jehan},
	year = {1478},
	doi = {10.3931/E-RARA-33196},
	note = {Medium: [114] f. ; 2°},
	annote = {Other
Incipit : Icy commencent les chappitres des tiltres de leuure suyvant nombres pour trouver plus légièrement la matière dedens comprinse...Other
Colophon : Cy finist le rommant de Fierabras le géant, imprimé à Genève l'an de grâce Mil.cccc.lxxviii. le xxviije jour de novembreOther
Sans page de titre. Titre conventionnelOther
L'auteur de cette adaptation du Fierabras est le Lausannois Jehan Bagnyon (Jehan Bagnyon : l'histoire de Charlemagne, parfois dite Roman de Fierabras, publ. par Hans-Erich Keller, Genève : Droz, 1992, p. I-XXXI)},
}

@article{dreesen__2017,
	title = {\textit{ {Nouveau} {Répertoire} de mises en prose ( {\textless}span style="font-variant:small-caps;"{\textgreater}xiv{\textless}/span{\textgreater} $^{\textrm{e}}$ - {\textless}span style="font-variant:small-caps;"{\textgreater}xvi{\textless}/span{\textgreater} $^{\textrm{e}}$ siècle) } , sous la direction de {Maria} {\textless}span style="font-variant:small-caps;"{\textgreater}{Colombo} {Timelli}{\textless}/span{\textgreater} , {Barbara} {\textless}span style="font-variant:small-caps;"{\textgreater}{Ferrari}{\textless}/span{\textgreater} , {Anne} {\textless}span style="font-variant:small-caps;"{\textgreater}{Schoysman}{\textless}/span{\textgreater} et {François} {\textless}span style="font-variant:small-caps;"{\textgreater}{Suard}{\textless}/span{\textgreater} , {Paris}, {Classiques} {Garnier}, 2014 ( \textit{{Textes} littéraires du {Moyen} Âge} , 30)},
	volume = {80},
	issn = {0226-0174, 2034-6492},
	shorttitle = {{\textless}i{\textgreater} {Nouveau} {Répertoire} de mises en prose ( {\textless}span style="font-variant},
	url = {https://www.brepolsonline.net/doi/10.1484/J.LMFR.5.115767},
	doi = {10.1484/J.LMFR.5.115767},
	language = {fr},
	urldate = {2023-04-05},
	journal = {Le Moyen Français},
	author = {Dreesen, Myriam},
	month = jan,
	year = {2017},
	pages = {141--143},
}

@misc{beaudet_guides_nodate,
	title = {Guides thématiques: {Zotero}: {Ajouter} une page {Web}},
	copyright = {Copyright Université de Sherbrooke 2023},
	shorttitle = {Guides thématiques},
	url = {https://libguides.biblio.usherbrooke.ca/zotero/ajouter_references/page_web},
	abstract = {Guides thématiques: Zotero: Ajouter une page Web},
	language = {fr},
	urldate = {2023-04-05},
	author = {Beaudet, Myriam},
	file = {Snapshot:C\:\\Users\\freij\\Zotero\\storage\\R556D67E\\page_web.html:text/html},
}

@article{gautier_compte-rendu_nodate,
	title = {Compte-rendu de la journée d'étude `` {Point} {HTR} 2022 '' {Transkribus} / {eScriptorium}: {Transcrire}, annoter et éditer numériquement des documents d'archives},
	language = {fr},
	author = {Gautier, Dassonneville and Huguet, Adèle and Massot, Marie-Laure and Tricoche, Agnès and Carlin, Marie and Moreux, Jean-Philippe and Aurélia, Rostaing},
	file = {Gautier et al. - Compte-rendu de la journée d'étude `` Point HTR 20.pdf:C\:\\Users\\freij\\Zotero\\storage\\IJ2AC7YX\\Gautier et al. - Compte-rendu de la journée d'étude `` Point HTR 20.pdf:application/pdf},
        url = {https://hal.science/hal-03692413/document},
        year = {2022},
        urldate = {2023-04-05},
}

@misc{gueville_transcribing_2023,
	title = {Transcribing {Medieval} {Manuscripts} for {Machine} {Learning}},
	url = {http://arxiv.org/abs/2207.07726},
	doi = {10.48550/arXiv.2207.07726},
	abstract = {In the early twentieth century, many scholars focused on the preparation of editions and translations of texts previously available only to the few specialists able to read archaic hands and privileged enough to travel to work in person with them in manuscript. Valuable scholarship in its own right, the preparation of these editions and translations for particular texts deemed important enough to justify the effort and time, laid the foundation for generations of scholarship in medieval studies. On the other hand, for many materials in historical archival collections, including already digitised collections, medievalists have only had the time to create partial transcriptions, if any at all. Access to textual material from the medieval period has increased greatly in recent years with digitisation, and we are able to imagine many new research projects in decades to come. What challenges do new frontiers of automation in the archives raise with respect to medieval studies and in particular to the ways we transcribe? In this article, we argue that if medievalists hope to pursue the kinds of analysis that goes on in advanced computational research, we will need new kinds of transcriptions, intentionally theorized not only for human reading, but also for machine processing. We already have mature methods for remediating generations of editions of medieval works such as Optical Character Recognition (OCR), but we can ask ourselves if these are the kinds of text we want to use for future computational analysis. We suggest instead that one way forward is by going back to the scriptorium.},
	urldate = {2023-04-05},
	publisher = {arXiv},
	author = {Guéville, Estelle and Wrisley, David Joseph},
	month = mar,
	year = {2023},
	note = {arXiv:2207.07726 [cs]},
	keywords = {Computer Science - Digital Libraries},
	file = {arXiv Fulltext PDF:C\:\\Users\\freij\\Zotero\\storage\\RF4VHK5M\\Guéville et Wrisley - 2023 - Transcribing Medieval Manuscripts for Machine Lear.pdf:application/pdf;arXiv.org Snapshot:C\:\\Users\\freij\\Zotero\\storage\\GFHZT63N\\2207.html:text/html},
}

@article{schoen_optical_2022,
	title = {Optical {Character} {Recognition} ({OCR}) and {Medieval} {Manuscripts}: {Reconsidering} {Transcriptions} in the {Digital} {Age}},
	volume = {11},
	issn = {2162-9552},
	shorttitle = {Optical {Character} {Recognition} ({OCR}) and {Medieval} {Manuscripts}},
	url = {https://muse.jhu.edu/pub/1/article/853521},
	doi = {10.1353/dph.2022.0010},
	abstract = {This essay will discuss an ongoing project to train an optical character recognition (OCR) system on medieval manuscripts—specifically, the OCR engine Kraken, which we trained to transcribe early-fifteenth-century Middle English manuscripts. Our current model, trained on Scribe D's handwriting, has a 97 percent training accuracy rate and transcribes unseen manuscripts with a range of accuracy rates between 27 and 86 percent. Our project adds to the growing number of successful experiments in training medieval manuscripts on OCR, a technology that could have an immense impact on medieval studies., The primary concern of this essay is not our specific results but the challenges we faced when preparing our training data and the decisions we made accordingly. In particular, we compare the diplomatic transcriptions required by our software to the semi-diplomatic transcriptions that medievalists usually create. We argue that technical constraints such as the use of diplomatic transcriptions in OCR might encourage medievalists to evaluate how we typically remediate manuscripts (that is, transfer them from one medium to another). Considering the potential scope and scalability of this technology, we argue that it is important to consider our training data (human-made transcriptions) carefully, as is the case for any machinelearning project. But we also argue that machine learning offers a useful framework for understanding how we manipulate manuscript data in any kind of remediation.},
	number = {1},
	urldate = {2023-04-05},
	journal = {Digital Philology: A Journal of Medieval Cultures},
	author = {Schoen, Jenna and Saretto, Gianmarco E.},
	year = {2022},
	note = {Publisher: Johns Hopkins University Press},
	pages = {174--206},
	file = {Optical Character Recognition (OCR) and Medieval Manuscripts\: Reconsidering Transcriptions in the Digital Age:C\:\\Users\\freij\\Zotero\\storage\\GFZE9EGB\\Schoen et Saretto - 2022 - Optical Character Recognition (OCR) and Medieval M.pdf:application/pdf},
}
